<record><leader>00000cas a22000007a 4500</leader><controlfield tag="001">10426407</controlfield><controlfield tag="008">840217d18671973nyuwr ne      0    0eng d</controlfield><controlfield tag="009">3781</controlfield><datafield ind1=" " ind2=" " tag="010"><subfield code="a">sn 84026341 </subfield></datafield><datafield ind1=" " ind2=" " tag="040"><subfield code="a">NPU</subfield><subfield code="b">eng</subfield><subfield code="c">NPU</subfield><subfield code="d">NPX</subfield><subfield code="d">DLC</subfield><subfield code="d">NPX</subfield><subfield code="d">NPT</subfield><subfield code="d">NYS</subfield><subfield code="d">NVF</subfield><subfield code="d">NYS</subfield><subfield code="d">OCLCQ</subfield></datafield><datafield ind1=" " ind2=" " tag="019"><subfield code="a">180861219</subfield></datafield><datafield ind1="1" ind2=" " tag="029"><subfield code="a">AU@</subfield><subfield code="b">000024693987</subfield></datafield><datafield ind1=" " ind2=" " tag="042"><subfield code="a">msc</subfield></datafield><datafield ind1="0" ind2="0" tag="050"><subfield code="a">Newspaper 8829-X</subfield></datafield><datafield ind1="0" ind2="0" tag="245"><subfield code="a">Richfield Springs Mercury.</subfield></datafield><datafield ind1=" " ind2=" " tag="260"><subfield code="a">Richfield Springs, N.Y. :</subfield><subfield code="b">[s.n.</subfield></datafield><datafield ind1=" " ind2=" " tag="300"><subfield code="a">v. :</subfield><subfield code="b">ill. ;</subfield><subfield code="c">56-65 cm.</subfield></datafield><datafield ind1=" " ind2=" " tag="310"><subfield code="a">Weekly</subfield></datafield><datafield ind1="0" ind2=" " tag="362"><subfield code="a">Vol. 1, no. 1 (July l9, 1867)-Apr. 24, 1973.</subfield></datafield><datafield ind1="1" ind2=" " tag="362"><subfield code="a">Ceased with Dec. 26, 1972 issue.</subfield></datafield><datafield ind1=" " ind2=" " tag="500"><subfield code="a">Publishers: Henry L. Brown, &lt;1868&gt;; W.T. Coggershall, &lt;1884&gt;; Munger &amp; Seamons, &lt;1895&gt;.</subfield></datafield><datafield ind1=" " ind2=" " tag="580"><subfield code="a">Daily summer ed.: Richfield Springs daily.</subfield></datafield><datafield ind1=" " ind2="4" tag="651"><subfield code="a">Richfield Springs (N.Y.)</subfield><subfield code="v">Newspapers.</subfield></datafield><datafield ind1=" " ind2="4" tag="651"><subfield code="a">Otsego County (N.Y.)</subfield><subfield code="v">Newspapers.</subfield></datafield><datafield ind1=" " ind2=" " tag="752"><subfield code="a">United States</subfield><subfield code="b">New York</subfield><subfield code="c">Otsego</subfield><subfield code="d">Richfield Springs.</subfield></datafield><datafield ind1="1" ind2=" " tag="775"><subfield code="t">Richfield Springs daily</subfield><subfield code="w">(DLC)sn 85042811</subfield></datafield><datafield ind1="0" ind2="4" tag="785"><subfield code="t">Freeman's journal (Cooperstown, N.Y. : 1924)</subfield><subfield code="w">(DLC)sn 83031249</subfield></datafield></record>